2779 4699
1194 250 1292 294 -τ-
1397 224 1534 296 104
1634 247 1726 270 “-

425 396 572 464 loci
616 395 945 474 lectionis
993 396 1331 464 varietate
1362 324 1730 460 xiudicium.
1765 391 1930 459 ferri
1975 390 2211 478 possit.
2299 389 2525 458 Maxi-

421 512 518 576 mi
568 501 802 577 alitem
850 513 922 574 in
968 509 1100 573 hac
1147 510 1559 602 quaestione
1607 507 1945 572 momenti
1986 520 2091 572 est
2115 502 2331 572 Ennii
2364 502 2520 567 Me·-
2595 523 2600 526 ·

292 689 293 696 χ
395 622 582 706 dea,
647 646 862 715 quum
920 643 1245 688 conversa
1311 619 1400 685 ad
1461 619 1807 685 Graccum
1866 616 2222 726 Euripidis
2286 638 2527 683 exem-

428 734 582 825 plar
622 738 715 803 sit
756 733 959 822 tota}
995 736 1082 800 ad
1128 736 1310 800 hanc
1354 756 1544 799 nunc
1590 735 1980 824 pergimus„

609 848 821 937 Quod
879 851 1174 940 primurn
1236 862 1339 913 est
1409 843 1892 945 spectandum,
1969 859 2194 936 utram
2261 841 2530 907 Ennius

357 1029 366 1040 ,
432 963 921 1029 recensionem
967 960 1272 1028 Medeae
1316 977 1594 1047 secutus
1638 960 1748 1038 sit,
1790 955 1866 1020 id
1915 956 2001 1022 ad
2048 954 2392 1047 liquidum
2446 965 2569 1022 ex·

437 1075 545 1156 iis,
594 1097 776 1166 quae
821 1097 1021 1164 supra
1072 1075 1382 1166 exposita
1441 1085 1622 1149 sunt,
1681 1070 1892 1136 facile
1933 1085 2169 1159 potest
2212 1069 2537 1158 perduci.

418 1184 563 1252 ,Illa
615 1189 801 1252 enim
851 1186 938 1252 de
985 1186 1248 1276 duplici
1305 1186 1516 1251 Ennii
1545 1182 1801 1249 Medea
1846 1182 1948 1265 lis,
1996 1206 2177 1274 quae
2197 1181 2341 1251 VV.
2370 1183 2535 1255 DD.

447 1295 733 1388 ingenia
778 1314 1163 1386 tantopere.
1192 1299 1616 1378 exercitavit,
1652 1318 1740 1364 eo
1780 1297 1916 1362 iam
1945 1296 2156 1379 redit,
2197 1312 2276 1363 ut
2317 1318 2542 1389 quae-

440 1413 674 1479 stione
719 1410 811 1478 de
872 1411 1171 1479 diversis·
1205 1410 1472 1477 duabus
1515 1409 1788 1475 Medeis
1849 1405 2095 1474 fabulis
2155 1408 2240 1473 ab
2299 1408 2538 1475 Ennio

448 1521 539 1588 ad
613 1521 914 1590 diversas
967 1524 1319 1615 Euripidis
1374 1522 1643 1614 scriptis
1703 1521 1975 1603 omissa,
2034 1520 2126 1588 de
2176 1513 2319 1613 'qua
2387 1545 2544 1587 non

446 1633 742 1722 amplius
784 1658 1013 1704 sermo
1064 1657 1216 1705 esse
1260 1652 1524 1725 potest,
1571 1650 1724 1701 utra
1768 1633 2033 1700 Ennius
2080 1632 2165 1700 ad
2210 1631 2544 1699 Medeam

448 1751 1010 1839 componendam
1055 1755 1246 1819 stiam
1294 1771 1454 1814 usus
1496 1750 1586 1813 sit
1630 1746 2054 1837 Euripideae
2098 1744 2382 1813 fabulae
2426 1767 2548 1813 re-

377 1937 389 1956 l
455 1862 812 1945 censione,
859 1863 1218 1934 doceatur.
1309 1862 1568 1953 Neque
1611 1860 1750 1950 hxoc
1807 1857 2120 1928 difficile.
2207 1857 2551 1955 Nonnulff

451 1966 517 2035 la
570 1973 756 2038 enim
805 1996 886 2041 ex
929 1974 1144 2040 Ennii
1186 1972 1421 2038 fabula
1469 1996 1680 2066 quum
1712 1974 2157 2061 reperiantur
2190 1970 2549 2037 veteribus

453 2084 910 2171 scriptoribus
954 2089 1164 2153 citata
1220 2085 1629 2177 fragmenta,
1689 2107 1873 2177 quae
1934 2085 2139 2152 certis
2185 2082 2362 2149 locis
2399 2082 2553 2149 'Eu-

456 2189 776 2284 ripideae
820 2197 1100 2269 fabulae
1142 2179 1753 2292 propternimiam
1788 2199 2151 2288 utriusque
2184 2211 2553 2263 contextus
2655 2205 2666 2218 ⁸

461 2306 1004 2403 discrepantiam
1065 2297 1458 2381 commode
1500 2312 1818 2402 assignari
1873 2333 2023 2377 non
2084 2312 2372 2400 possint,
2434 2311 2555 2376 iis-

461 2414 766 2514 demque
809 2442 922 2493 tot
975 2412 1314 2517 tantaque
1369 2447 1558 2492 nova
1614 2421 1893 2493 fabulae
1951 2421 2295 2490 addantur
2323 2444 2557 2517 argu-

459 2551 718 2617 menta,
790 2553 874 2604 ut
938 2536 1201 2605 Ennius
1259 2558 1341 2604 ea
1400 2536 1491 2601 de
1542 2561 1669 2604 suo
1734 2533 2139 2604 confinxisse
2216 2534 2557 2602 credibile

463 2669 617 2712 non
658 2650 782 2715 sit.
829 2647 1037 2715 facile
1082 2650 1253 2713 mihi
1300 2633 1707 2759 perssadeO,
1750 2649 2050 2716 Ennium
2080 2647 2558 2714 conficiendae

463 2759 870 2850 tragoediae
936 2784 1104 2828 suae
1161 2784 1311 2827 non
1379 2766 1841 2851 posteriorem
1900 2760 2218 2828 Graecae
2274 2755 2558 2828 fabulae

470 2875 980 2958 recensionem,
1025 2875 1149 2942 sed
1193 2877 1500 2964 priorem
1547 2868 1961 2943 adhibuisse.
2063 2873 2288 2965 Atqui
2343 2872 2562 2962 pluri·-
2599 2906 2604 2909 ¹

471 3006 584 3051 ma
627 2985 878 3054 horum
922 2988 1469 3078 fragmentorum
1514 3008 1668 3076 pars
1714 2994 1811 3056 ita
1859 3002 2252 3075 comparata
2301 3003 2422 3070 est,
2482 3002 2562 3053 ut

478 3095 568 3160 ad
615 3121 821 3190 quam
867 3100 1220 3191 Euripidis
1265 3082 1547 3167 fabulae
1592 3102 1958 3191 regionem
2002 3098 2158 3167 fere
2191 3097 2564 3195 referenda

473 3208 630 3291 sint,
680 3220 1086 3281 coniectura
1131 3214 1402 3305 assequi
1443 3215 1815 3302 possimus.
1875 3234 2014 3303 quo
2060 3210 2141 3278 fit
2184 3227 2265 3278 ut
2309 3212 2565 3278 certius

477 3317 572 3385 de
614 3322 834 3408 priori
879 3325 1233 3418 Euripidis
1294 3328 1718 3399 recensione
1781 3322 2119 3391 iudicium
2179 3322 2565 3414 colligatur.

475 3429 655 3514 Alia,
716 3460 1015 3527 quorum
1070 3438 1275 3533 sedes
1332 3441 1408 3506 in
1465 3439 1734 3507 Graeca
1789 3435 2024 3503 fabula
2081 3458 2390 3527 prorsus
2420 3456 2569 3501 non

425 3612 435 3620 ,
480 3546 767 3627 constat,
814 3551 891 3614 in
939 3548 1133 3621 calce
1170 3569 1560 3619 ceterorum
1592 3549 1801 3615 Ennii
1825 3542 2106 3617 fabulae
2134 3546 2570 3639 fragmento-

430 3718 438 3723 .
478 3677 633 3724 rum
681 3660 932 3732 ordine
958 3663 1385 3755 Euripideae
1418 3658 1930 3754 dispositorum,
1972 3662 2303 3755 sequenti
2335 3661 2570 3750 capite

476 3771 886 3865 adiecimus3
934 3800 1118 3870 quae
1147 3778 1436 3844 Graecis
1483 3775 1717 3842 verbis
1756 3773 1987 3868 aliqua
2019 3791 2212 3850 certe
2257 3797 2341 3843 ex
2371 3788 2570 3866 parte

431 3972 443 3982 .
477 3886 905 3989 respondere
954 3893 1095 3962 visa
1128 3907 1308 3978 sunt,
1357 3889 1605 3960 ceteris
1638 3912 1764 3957 suo
1799 3887 1965 3957 loco
1997 3887 2568 3987 interposuimus.

1723 4072 1732 4101 i
