2779 4699
1210 341 1346 388 '--
1443 340 1587 418 1⁴2
1678 364 1781 406 -ι-

468 520 612 588 sint
655 483 936 602 mes,
979 524 1223 604 magna
1267 514 1458 605 apud
1502 513 1997 583 ‘vetustissimos
2041 508 2332 581 Latinae
2375 507 2574 578 anti-

463 632 748 725 quitatis
789 642 1331 720 perscrutatores
1382 623 1523 693 iarn
1577 624 1714 694 fuit
1768 624 2117 692 dubitatio
2179 642 2253 694 et
2297 624 2562 691 dissen-

462 769 601 814 sus.
690 743 891 831 Quae
935 739 1149 807 dubia
1203 755 1285 807 ut
1325 754 1659 832 appareat
1702 737 2064 832 quomodo
2115 753 2358 806 exorta
2395 741 2557 823 sint,

464 860 616 949 ipsa
663 859 776 925 via
804 856 1102 946 primum
1130 852 1580 922 monstranda
1612 867 1741 934 est,
1781 875 1920 945 qua
1944 829 2564 920 Plautinae-fabu-
2675 893 2686 902 -

466 972 581 1038 lae
625 968 714 1036 ad
759 989 1002 1037 eorum
1050 967 1983 1057 grammaticorum'aetatem
2031 964 2312 1034 delatae
2352 968 2513 1033 sint.

643 1080 1068 1150 Comoedias
1114 1101 1196 1147 aa
1241 1094 1513 1162 aetate,
1573 1102 1708 1170 qua
1752 1077 2036 1147 Plautus
2076 1081 2279 1168 vixit,
2342 1103 2556 1173 quum

459 1197 743 1265 nonnisi
771 1216 859 1262 eo
891 1191 1209 1280 consilio,
1256 1208 1338 1270 ut
1381 1195 1463 1260 in
1489 1215 1742 1261 scaena
1784 1208 2177 1284 agerentur,
2223 1197 2557 1283 componi

461 1312 719 1391 solitas,
763 1308 1052 1373 minime
1091 1319 1173 1372 ut
1216 1303 1411 1372 dorni
1445 1307 1495 1372 ‘a'
1541 1309 1787 1398 quovis
1829 1287 2238 1397 legerentur
2279 1321 2557 1376 constet

396 1423 405 1434 ‘
459 1424 748 1510 scriptas
839 1441 1027 1504 esse,
1115 1417 1581 1487 plautinarum
1670 1417 2054 1488 fabularum
2140 1395 2556 1514 exemplaria

455 1531 827 1625 probabile
884 1519 1012 1600 *est
1089 1533 1368 1600 nonnisi
1433 1547 1775 1600 ‘actorum
1851 1531 2168 1600 manibus
2261 1555 2553 1623 magno-

458 1670 633 1737 pere
714 1650 875 1713 trita
950 1643 1182 1716 fuisse.
1299 1646 1556 1714 Aetate
1621 1648 1831 1737 igitur
1906 1668 1993 1713 ea
2063 1648 2203 1714 hae
2269 1645 2553 1715 fabulae

338 1759 347 1766 “
455 1759 679 1826 sicubi
725 1783 764 1826 a
807 1774 1017 1850 poeta
1064 1760 1506 1850 prodierant,
1565 1747 1759 1850 gregi
1803 1758 2179 1826 histrionio
2232 1759 2550 1844 traditae,

457 1873 665 1963 atque
709 1863 873 1937 hu'ic
913 1872 1127 1939 unice
1172 1871 1466 1942 relictae
1511 1895 1663 1941 esse
1707 1859 2055 1940 videntur.
2125 1873 2263 1940 Res
2307 1871 2547 1963 paullo

454 1982 656 2051 altius
699 1983 1087 2074 repetenda
1116 1986 1213 2052 ita
1255 1981 1411 2052 fere
1441 1984 1762 2053 habebat.
1855 1986 2099 2053 Genus
2132 1969 2584 2056 comoediae
2623 1963 2626 1970 ᾗ

448 2099 528 2163 in
596 2118 849 2164 scaena
926 2112 1124 2165 actae
1189 2093 1301 2181 id,
1391 2096 1630 2190 quod
1650 2082 2000 2189 palliatae
2066 2092 2384 2165 nomine
2425 2120 2551 2188 ap-

448 2205 859 2299 pellabatur,
903 2210 1173 2301 populo
1205 2211 1526 2280 Romano
1573 2209 1765 2279 inter'
1789 2213 1920 2292 alia
1955 2211 2353 2302 spectacula
2398 2233 2549 2278 non

451 2307 904 2414 displicuisse,
948 2323 1229 2393 Aediles
1263 2324 1538 2395 curules
1586 2348 1799 2418 quum
1842 2307 2063 2394 semel
2110 2319 2549 2392 animadver-
2583 2311 2588 2318 ⁴

272 2474 287 2496 .
361 2476 365 2481 «
446 2439 727 2517 tissent,
781 2437 922 2504 hoc
979 2437 1116 2504 sibi
1171 2441 1576 2528 impositum
1644 2439 2013 2535 putabant,
2077 2453 2157 2505 ut
2218 2441 2547 2529 quotiens
2596 2518 2610 2539 χ

447 2547 600 2615 ludi
643 2550 911 2616 Romae
955 2572 1249 2637 munere
1296 2551 1560 2620 edendi
1603 2544 1890 2645 publico
1940 2566 2193 2635 essent,
2234 2550 2547 2639 palliatas

382 2670 385 2675 “
443 2665 523 2728 in
576 2683 824 2730 scaena
886 2665 997 2753 agi
1053 2652 1406 2745 curarent,
1468 2686 1604 2755 qua
1658 2686 1739 2733 re
1797 2663 2063 2755 populo
2111 2663 2547 2751 voluptatem

414 2756 794 2858 afferrent,
840 2775 1112 2843 sibimet
1159 2792 1391 2844 autem
1422 2776 1669 2869 populi
1710 2778 2026 2845 favorem
2061 2774 2542 2849 conciliarent.

447 2888 919 2976 Quamobrem
965 2913 1005 2956 a
1048 2892 1282 2981 poetis
1337 2890 1606 2958 fabulas
1661 2898 1891 2985 pretio
1940 2888 2296 2971 emebant,
2356 2887 2543 2955 ludis

435 3005 766 3090 proximis
823 3004 1118 3103 posthac
1175 3003 1497 3095 agendas.
1581 3002 1905 3077 Plautum
1962 3004 2127 3069 hinc
2182 3003 2270 3070 ad
2322 3005 2542 3068 vitam
2617 3008 2630 3019 *¹

439 3114 762 3183 alendam
818 3117 1071 3185 fecisse
1129 3129 1529 3216 quaestum,
1581 3135 1819 3229 patrat
1867 3116 2138 3184 Gellius
2182 3126 2255 3197 3,
2315 3125 2381 3192 3.
2428 3116 2540 3180 his

434 3227 698 3295 verbis:
756 3228 847 3294 In
886 3236 1186 3321 pistrino
1238 3253 1405 3296 eum
1442 3232 1683 3299 Varro
1734 3250 1807 3297 et
1856 3232 2168 3326 plerique
2215 3230 2344 3294 alii
2387 3220 2544 3292 mea

432 3345 712 3405 moriac
756 3342 1233 3417 tradidenmt,
1282 3367 1504 3434 quum
1536 3348 1850 3436 pecunia
1883 3350 2098 3415 omni,
2149 3362 2404 3433 quam
2445 3345 2539 3405 in

401 3454 738 3542 ‘operis
806 3450 1270 3549 artificum
1338 3461 1942 3537 scaenicorum
2009 3472 2533 3548 pepererat,

430 3570 511 3632 in
566 3554 1111 3637 mercationibus
1177 3570 1504 3658 perdita,
1589 3574 1796 3662 inops
1852 3572 2156 3639 Romam
2215 3566 2541 3636 rediisset

433 3697 511 3744 et
566 3684 658 3745 ob
718 3670 1219 3773 quaerendum'*
1260 3691 1527 3751 victum
1585 3683 1686 3750 ad
1741 3681 2327 3774 circumagendas
2379 3703 2539 3745 mo-

425 3798 560 3895 las,
619 3818 810 3887 quae
866 3799 1211 3863 trusatiles
1269 3794 1731 3893 appellantur
1785 3821 2076 3891 operum
2127 3798 2381 3889 pistori
2422 3797 2538 3860 lo·-

432 3925 670 3975 casset.
758 3908 1175 4001 Hieronym.
1227 3908 1486 3976 Chron.
1533 3911 1625 3977 ad
1669 3910 1935 4019 olymp,
1991 3934 2139 3995 104.
2187 3910 2283 3976 de
2325 3906 2534 3972 Plau·
2597 3902 2600 3909 ’

424 4038 537 4095 to:
614 4028 740 4113 qui
793 4042 1093 4115 propter
1158 4045 1501 4088 annonae
1568 4018 2071 4137 dlffzcnltatem
2133 4025 2231 4092 ad
2305 4026 2534 4090 molas

428 4140 838 4203 manuarias
858 4140 1115 4227 pistori
1144 4140 2127 4232 selocaverat.1liquot1es
2167 4140 2258 4206 ab
2307 4140 2530 4232 opere
2641 4212 2654 4225 l
