2779 4699
1240 354 1730 434 ...go-..-

340 541 362 604 ζ
442 560 562 632 gas
631 533 1015 602 Ennianum
1084 523 1391 594 fabulam
1455 525 1672 596 fuisse
1734 527 2128 640 inscriptam
2175 519 2540 595 Medeam

443 633 791 721 exsulem,
853 665 1001 713 eam
1044 635 1341 728 simplici
1384 638 1697 707 Medeae
1739 641 2030 711 nomine
2074 627 2538 732 grammaticis

443 765 636 831 citari
693 756 873 827 nihil
932 751 1320 823 mitandum
1371 754 1478 819 sit.
1566 752 1829 819 Verum
1883 751 2070 817 illius
2129 748 2233 818 de
2267 751 2538 843 duplici

444 897 668 967 eaque
729 872 999 936 diversa
1054 863 1290 933 fabula
1335 863 1598 930 Medea
1650 865 2049 931 sententiae
2092 865 2234 953 ipsi
2268 864 2343 926 hi
2407 864 2536 929 viri

441 1011 590 1054 non
640 985 888 1051 claram
926 979 1056 1047 sibi
1089 975 1419 1044 videntur
1447 965 1815 1043 notionem
1846 975 2272 1060 informasse,
2307 973 2539 1040 Ennii

346 1073 362 1087 „
443 1097 793 1192 duplicem
850 1094 1033 1158 hanc
1088 1085 1395 1156 fabulam
1451 1089 1666 1154 modo
1714 1110 1797 1154 ex
1854 1085 2115 1176 duplici
2162 1089 2536 1179 Euripidis,

304 1239 315 1246 “
368 1286 372 1289 Α
440 1210 650 1278 nodo
701 1232 782 1276 ex
825 1207 1027 1273 huius
1071 1201 1372 1268 nominis
1415 1199 1794 1292 tragoediis
1827 1200 2169 1292 Euripidis
2217 1215 2290 1268 et
2330 1201 2540 1267 Neo..

302 1393 305 1400 ,
378 1395 385 1408 x
439 1324 758 1413 phronis,
819 1315 932 1385 vel
979 1314 1187 1383 etiam
1232 1313 1527 1379 iunioris
1569 1328 1803 1384 aetate
1846 1311 2204 1380 cuiusdam
2248 1312 2537 1401 Euripi-

441 1434 546 1507 dis
589 1432 858 1498 fluxisse
903 1413 1258 1507 dicentes,
1314 1428 1581 1516 quippe
1636 1448 1846 1518 quum
1901 1440 2274 1516 utrumque
2321 1425 2535 1493 etiam

435 1545 727 1614 Medeas
772 1542 1259 1636 composuisse,
1294 1554 1690 1645 ¹auctorum,
1736 1539 2048 1631 quamvis
2090 1553 2252 1604 non'
2288 1531 2540 1604 certis-
2591 1553 2592 1556 ’

436 1658 795 1738 simorum,
839 1654 1117 1726 iudiciis
1160 1648 1489 1717 traditum
1539 1663 1738 1718 esset.
1791 1689 1794 1694 ,
1829 1651 2123 1733 PrimuS,
2179 1652 2255 1715 ni
2298 1647 2534 1738 fallor,

435 1770 833 1841 sententiae
892 1781 1135 1835 auctor
1194 1765 1456 1831 exstitit
1502 1763 1572 1830 P.
1616 1763 2000 1845 Manutius,
2057 1763 2183 1854 qui
2244 1762 2333 1839 ad
2364 1761 2542 1849 reio,
2644 1757 2659 1771 “

433 1880 561 1968 Ep'.
611 1879 697 1946 ad
740 1878 1008 1968 fam.,7,
1053 1876 1116 1943 6.
1164 1875 1331 1942 duas
1360 1875 1769 1965 Euripidem
1800 1875 2110 1957 Medea&
2155 1875 2324 1941 duas
2356 1871 2536 1942 inde

433 1981 1127 2079 Ennium'scripsisse
1158 1987 1663 2081 suspicabatur:
1715 1990 1906 2054 cuius
1947 1991 2392 2067 sententiam,
2439 1987 2529 2052 ab

434 2102 584 2171 aliis
630 2118 1114 2194 propagatam,
1173 2113 1255 2170 ut
1311 2093 1649 2183 refutaret
1691 2100 2089 2181 Planckius,
2151 2100 2529 2189 prooemio
2609 2111 2620 2124 ⁸

433 2215 522 2282 ad
582 2215 789 2283 Ennii
845 2214 1172 2285 Medeam
1242 2216 1476 2307 copias
1544 2199 1811 2303 paravit
1877 2229 2024 2280 tam·
2082 2213 2386 2277 infirmas
2457 2230 2532 2279 et

362 2373 365 2378 -
434 2329 734 2420 exiguas,
781 2345 861 2399 ut
906 2330 1068 2397 dum
1104 2343 1415 2421 pugnare
1457 2326 1587 2394 sibi
1629 2325 1997 2411 videretur,
2042 2331 2177 2392 suis
2221 2330 2374 2416 ipse
2419 2345 2532 2389 ar-

430 2442 558 2506 mis
605 2457 1128 2532 expugnaretur.
1215 2438 1667 2506 Manifestum
1726 2456 1956 2507 autem
2017 2439 2527 2517 testimonium,

432 2574 578 2642 quo
628 2551 926 2619 diversas
972 2551 1138 2618 duas
1183 2550 1429 2617 fecisse
1480 2549 1744 2616 fabulas
1788 2549 2075 2618 Medeas
2116 2550 2529 2639 Euripidem

435 2664 834 2744 evincatur,
889 2685 1100 2753 quum
1157 2662 1387 2729 adhuc
1449 2660 1916 2751 desideretur,
1978 2666 2189 2731 etiam
2246 2663 2337 2731 de
2396 2660 2532 2729 du·-

430 2773 600 2865 plici
644 2774 979 2840 Enniana-
1003 2772 1240 2841 fabula
1303 2776 1547 2864 opinio
1579 2774 1667 2841 Ρ.
1715 2775 2012 2842 Manutii
2070 2791 2216 2843 tota
2276 2777 2528 2842 conci-

432 2886 556 2959 dit.
610 2886 615 2893 ’
648 2886 955 2953 Manutii
994 2901 1402 2977 argumenta
1444 2882 1521 2955 se
1562 2890 1887 2955 reiecisse
1928 2886 2298 2954 Planckius
2325 2911 2528 2987 ³con-

392 2999 619 3105 lfisus,
655 2994 803 3066 eam
848 3001 1214 3092 proposuit
1254 3003 1698 3085 sententiam,
1742 3024 1946 3068 unam
1990 3016 2259 3068 tantum
2300 3002 2528 3090 scrip-

427 3104 591 3179 sisse
633 3111 935 3179 Ennium
991 3113 1197 3180 huius
1252 3112 1446 3181 tituli
1488 3112 1822 3199 fabulam,
1890 3116 2218 3206 quoniam
2262 3135 2528 3205 propre
2621 3177 2636 3193 „

422 3222 686 3306 omnia,-
735 3246 919 3314 quae
944 3247 1025 3291 ex
1068 3227 1200 3295 hac
1241 3225 1603 3317 tragoedia
1646 3238 1945 3296 nostram
1969 3226 2293 3316 tulissent
2327 3212 2556 3293 aeta-⁸

427 3320 594 3420 tem,
640 3339 717 3402 in
748 3334 1120 3430 Euripidea
1164 3339 1406 3408 sedem
1449 3342 1828 3429 reperiant,
1876 3363 2177 3435 eumque
2209 3361 2293 3407 ea
2338 3362 2524 3431 quae

426 3447 621 3517 unde
680 3449 1002 3519 translata
1036 3454 1221 3535 ³sint,
1278 3452 1574 3519 indicari
1626 3470 1975 3544 nequeat,
2042 3475 2172 3546 pro
2231 3451 2524 3518 licentia

421 3582 540 3629 sua
586 3557 885 3628 Graecas
932 3565 1396 3635 convertendi
1452 3564 1717 3632 fabulas
1764 3580 1838 3632 et
1878 3566 2146 3657 ingenii
2190 3561 2526 3649 fecundi-

419 3662 573 3740 tite
617 3669 712 3740 de
752 3696 881 3742 suo
924 3676 1148 3765 ipsum
1183 3676 1535 3748 adiecisse.
1610 3676 1875 3747 verum
1907 3664 2090 3744 enim
2126 3676 2528 3768 fragmenta

419 3785 596 3852 haec
636 3776 881 3871 Ennii,
938 3791 1252 3880 quibus
1230 3814 1307 3857 ιιι
1348 3789 1727 3879 Euripiden
1768 3788 2002 3857 fabula
2043 3788 2241 3859 locus
2287 3776 2528 3881 desig-'-

417 3900 572 3963 nari
617 3921 765 3966 non
809 3894 1074 3994 potest,
1128 3916 1320 3970 tanta
1363 3917 1528 3970 sunt
1567 3914 1850 3996 tamque
1886 3902 2187 4001 diversas
2230 3900 2525 3971 fabulae

416 4010 777 4079 invehunt
801 4035 908 4080 res
952 3999 1167 4105 atque
1210 4030 1632 4105 argumenta,
1677 4032 1778 4086 ut
1797 4015 2023 4096 Ennii,
2069 4018 2193 4129 qui
2236 4011 2519 4105 singula
2583 3994 2600 4004 ’

368 4119 674 4196 Graeci
720 4126 1122 4217 exemplaris
1163 4124 1324 4211 loca
1365 4125 1597 4197 verbis
1644 4150 2083 4222 exaggerare,
2139 4152 2289 4196 non
2333 4133 2517 4195 item

2299 4262 2515 4312 nom
