2779 4699
1081 292 1585 365 -5'-··-··

1731 394 1760 414 Χ

266 460 505 513 earum
536 441 827 511 ,indolis
889 421 1333 516 tenuitatem
1367 450 1466 518 in,
1506 450 1694 518 Brut.
1761 461 1861 532 ιδ,
1889 474 2019 537 71.
2053 464 2217 518 *non
2256 470 2374 519 sa-

261 564 354 625 tis
401 560 680 647 dignm,
738 579 929 647 quae
972 564 1224 627 iterum
1277 563 1716 652 legerentur-3
1776 564 1991 631 immo
2033 562 2372 632 delendas

145 732 151 737 .
260 671 541 737 Horatii
602 669 931 761 aequales
974 672 1164 759 (vid.-
1198 673 1450 742 1ocum
1507 678 1653 741 eius
1709 674 1883 764 Epp.
1935 700 2004 759 .2,
2071 702 2127 759 1,
2176 684 2280 762 69.
2331 698 2371 743 a

259 785 523 875 Magno
567 785 955 874 Anglorum
1006 789 1250 854 critico
1286 787 1527 854 frustra
1573 787 1961 873 turbatum)
2006 789 2369 856 iudicave-

257 911 456 978 runt,
524 898 695 987 mihi
764 900 1192 988 persuade0‚
1262 900 1576 967 tenebris
1649 916 1921 989 ereptas
1990 903 2366 990 posteriori

256 1029 580 1100 tempore
627 1012 864 1079 denuo
915 1029 1102 1081 actas
1151 1035 1321 1081 esse.
1414 1012 1598 1080 Illud
1658 989 1845 1087 enim
1892 1000 2175 1095 aevum,
2222 1038 2363 1106 quo

256 1126 533 1212 scripsit
578 1124 1040 1207 Andronicus,
1087 1147 1124 1190 a
1172 1126 1559 1192 recentiori
1595 1125 1958 1193 Ciceronis
2006 1143 2078 1194 et
2112 1128 2364 1193 Caesa-

253 1260 407 1306 rum
455 1254 800 1326 tempore,
846 1241 997 1306 sive
1039 1255 1315 1328 spectes
1363 1238 1648 1329 linguae
1679 1235 1965 1309 Latinae
1998 1241 2360 1320 rationem,

161 1396 167 1400 >
252 1354 402 1417 sive
434 1355 661 1438 ipsum
710 1338 948 1417 seculi
978 1344 1379 1447 ingenium2
1439 1368 1643 1419 tanto
1705 1376 1925 1443 opere
1971 1348 2241 1419 distulit
2287 1366 2361 1418 et
2437 1364 2447 1373 '

251 1463 630 1541 abhorruit,
665 1478 746 1530 ut
776 1459 1109 1532 Livianae
1141 1464 1422 1532 fabulae
1453 1465 1746 1555 Augusti
1780 1465 2186 1559 aequalibus
2209 1484 2360 1530 non

252 1575 471 1643 modo
536 1598 681 1642 non
742 1575 1063 1665 plaeere,
1133 1580 1259 1645 sed
1319 1601 1418 1644 ne
1471 1579 1799 1655 ,omnibus
1846 1577 2131 1669 quidem
2177 1574 2355 1673 locis

164 1712 167 1717 ·
250 1688 558 1778 intelligi
602 1691 987 1778 potuerint.
1028 1676 1118 1755 {d
1162 1713 1358 1774 vern,
1407 1690 1600 1783 quod
1648 1712 1742 1757 ne
1778 1691 2146 1757 Ciceronis
2194 1689 2354 1779 qui-

248 1802 416 1869 dem
466 1818 699 1879 aetate
746 1804 924 1870 Livii
970 1801 1247 1869 fabulas
1268 1803 1495 1868 adhuc
1540 1819 1726 1869 actas
1757 1825 1911 1869 esse
1938 1801 2251 1880 diximus,
2298 1800 2358 1865 si

243 1930 519 2006 potest,
579 1914 817 2007 aliquo
876 1932 1289 2004 argumento
1367 1914 1924 1983 confirmandum
1985 1931 2110 1988 est.
2186 1913 2384 1979 Tria'

242 2028 622 2095 laudantur
653 2028 1039 2117 Fragmenta¹
1077 2051 1159 2096 ex
1189 2026 1424 2094 fabula
1458 2028 1667 2117 Equo
1709 2022 2060 2099 Troiano,¹
2104 2026 2193 2092 de
2228 2048 2351 2090 cu·-

204 2150 207 2151 ’
238 2144 354 2209 ius
385 2157 689 2220 auctore,
717 2163 931 2233 quum
962 2143 1245 2208 nonnisi
1285 2141 1559 2209 duobus
1593 2139 1759 2205 locis
1792 2156 2052 2229 poetae
2086 2157 2349 2227 nomen
2379 2180 2386 2191 1

241 2256 471 2347 idque
506 2246 837 2321 ⁸duorum
908 2252 1192 2344 quidem
1253 2255 1680 2335 diversorum
1736 2271 1824 2314 au
1953 2271 2102 2314 rum
2159 2244 2351 2313 indi..

245 2386 479 2436 catum
523 2370 632 2449 sit,
677 2372 776 2432 ita
823 2367 1243 2455 ambigitur,·
1299 2380 1379 2430 ut
1423 2365 1803 2430 Scriverius
1830 2264 2168 2452 1’ἓῦτίιῃιιῑη
2226 2358 2347 2424 Li-

240 2485 361 2551 vio
437 2496 512 2548 et
580 2480 889 2561 Naevi0‚
975 2477 1222 2544 eadem
1291 2475 1700 2569 fragmenta
1746 2474 2039 2574 tribuat,
2124 2471 2343 2540 Gerh.

238 2596 523 2665 Vossius
571 2594 895 2681 Castigat.
951 2592 1028 2658 in
1091 2588 1254 2656 Vet.
1341 2606 1515 2679 trag.
1572 2572 1836 2677 frag-,³
1874 2591 1944 2675 pss
2004 2608 2068 2659 2.
2126 2586 2347 2651 utrius

126 2743 145 2754 κ
240 2709 418 2775 haec
458 2705 677 2773 fuerit
736 2702 971 2769 fabula
1031 2700 1324 2777 difficile
1371 2702 1567 2769 dictu
1615 2722 1763 2767 esse
1808 2712 2111 2770 censeat.
2167 2695 2347 2763 Uter

242 2838 481 2898 autem
530 2833 782 2885 auctor
830 2817 1075 2899 fuerit,
1118 2814 1443 2910 „inultum
1503 2829 1741 2882 nostra
1798 2812 2093 2900 interest
2148 2808 2344 2886 scire,

242 2956 456 3025 quum
524 2932 709 3002 hanc
748 2929 1056 2997 fabulam
1129 2930 1364 3024 (cuius
1418 2940 1896 3016 argumentum
1946 2944 2030 2988 ex
2077 2918 2345 2985 Graeca

238 3047 447 3112 huius
508 3045 848 3126 nominis,
920 3041 1112 3116 unde
1170 3041 1425 3106 Latina
1475 3058 1822 3127 expressa,
1892 3051 2171 3101 narrare
2231 3030 2344 3097 vi-

241 3160 455 3226 detur
511 3158 832 3247 Hyginus
897 3152 1038 3220 fab.
1120 3157 1313 3238 106.)
1387 3151 1749 3218 Ciceronis
1817 3150 2051 3217 aetate
2117 3158 2350 3209 actam

226 3293 394 3339 csse
440 3287 677 3360 pateat
723 3291 806 3335 ex
854 3269 1003 3334 eius
1047 3263 1258 3357 Epist
1294 3264 1381 3329 ad
1427 3264 1582 3330 fam.
1613 3290 1677 3354 7,
1730 3288 1785 3346 1,
1833 3265 1918 3344 8.,
1950 3257 2073 3325 ubi
2110 3255 2202 3322 de
2232 3253 2342 3328 lu-

239 3384 346 3450 dis
390 3384 727 3449 scaenicis
767 3380 980 3447 modo
1010 3379 1276 3444 Romae
1315 3374 1521 3441 editis
1552 3376 1809 3443 Martio
1843 3372 2094 3442 refert.
2147 3364 2342 3459 Quid

239 3500 431 3564 enim
476 3494 956 3562 delectatzonis
997 3492 1261 3556 habene
1301 3492 1625 3555 sexcenti
1657 3488 1827 3553 muli
1869 3489 1945 3554 in
1986 3484 2341 3572 Clytaem-

235 3606 545 3677 nestra?
608 3605 769 3671 Aut
821 3611 900 3672 in
939 3604 1166 3693 Equo
1228 3600 1535 3667 Trozano
1597 3619 1958 3666 cenarum
2002 3601 2140 3663 tria
2182 3590 2339 3658 mil-
2407 3641 2414 3652 ,

235 3723 358 3795 lia
436 3721 548 3787 Sic
604 3718 839 3785 locum
904 3716 1128 3785 edidit
1169 3713 1454 3780 Cortius
1509 3735 1591 3778 ex
1641 3715 2006 3801 ingeniosa
2052 3691 2338 3772 Graevii

237 3835 678 3904 coniecturat
738 3828 960 3897 multo
1018 3811 1259 3896 tamen
1312 3840 1615 3917 praestat
1673 3824 1948 3915 vulgata
1993 3833 2331 3888 crateras.

233 3944 429 4030 Nam
491 3945 630 4018 tria
704 3942 919 4014 millia
992 3929 1407 4010 craterarum
1465 3940 1537 4014 in
1598 3959 1854 4028 pompa
1922 3928 2338 4023 triumphali,

782 4132 815 4172 l
